<?xml version="1.0" encoding="UTF-8"?><collection xmlns="http://www.loc.gov/MARC21/slim"><record><leader>00552nam--2200181-u-4500</leader><controlfield tag="001">000056091</controlfield><controlfield tag="002">20161230</controlfield><controlfield tag="005">20161230201052</controlfield><controlfield tag="008">141209s1000------------r-----000-0-fre-d</controlfield><datafield ind1=" " ind2=" " tag="040"><subfield code="a">IFIN-HH</subfield></datafield><datafield ind1=" " ind2=" " tag="041"><subfield code="a">fre</subfield></datafield><datafield ind1=" " ind2=" " tag="080"><subfield code="a">523-7(043)</subfield></datafield><datafield ind1="1" ind2=" " tag="100"><subfield code="a">Pick, Monique</subfield></datafield><datafield ind1="1" ind2="0" tag="245"><subfield code="a">Evolution des emissions radioelectriques solaires de type iv et leur relation avec d'autre phenomenes solaires et geophysiques</subfield><subfield code="b">These</subfield><subfield code="c">Monique pick, nee gutmann</subfield></datafield><datafield ind1=" " ind2=" " tag="260"><subfield code="a">Paris</subfield><subfield code="b">Universite</subfield><subfield code="c">1960</subfield></datafield><datafield ind1=" " ind2=" " tag="300"><subfield code="a">28P</subfield></datafield><datafield ind1=" " ind2=" " tag="852"><subfield code="a">78440</subfield><subfield code="c">523</subfield></datafield><datafield ind1=" " ind2=" " tag="CAT"><subfield code="a">Sys</subfield><subfield code="c">20141209</subfield><subfield code="h">151150</subfield></datafield></record></collection>